<?xml version="1.0" encoding="UTF-8"?><collection xmlns="http://www.loc.gov/MARC21/slim"><record><leader>00606nam--2200193-i-4500</leader><controlfield tag="001">000018765</controlfield><controlfield tag="002">20161230</controlfield><controlfield tag="005">20161230201032</controlfield><controlfield tag="008">060222s1000------------r-----000-0-eng-d</controlfield><datafield ind1=" " ind2=" " tag="040"><subfield code="a">IFIN-HH</subfield></datafield><datafield ind1="5" ind2="3" tag="080"><subfield code="6">.2:536.24:66.063.2</subfield></datafield><datafield ind1="1" ind2=" " tag="100"><subfield code="a">Eckert, E.R.G</subfield></datafield><datafield ind1="1" ind2="0" tag="245"><subfield code="a">Heat and mass transfer</subfield><subfield code="b">Second edition of introduction to the trasnfer of heat and mass</subfield><subfield code="c">E.r.g. eckert; r.m. drake</subfield></datafield><datafield ind1=" " ind2=" " tag="260"><subfield code="a">New York</subfield><subfield code="b">Mcgraw-hill Company,Inc</subfield><subfield code="c">1959</subfield></datafield><datafield ind1=" " ind2=" " tag="300"><subfield code="a">XIV + 530 P</subfield></datafield><datafield ind1=" " ind2=" " tag="490"><subfield code="a">Mcgraw-hill Series In Mechanical Engineering</subfield></datafield><datafield ind1="1" ind2=" " tag="700"><subfield code="a">Drake, R.M</subfield></datafield><datafield ind1=" " ind2=" " tag="852"><subfield code="a">21267</subfield><subfield code="c">536</subfield></datafield><datafield ind1=" " ind2=" " tag="CAT"><subfield code="a">Sys</subfield><subfield code="c">20110505</subfield><subfield code="h">163229</subfield></datafield></record></collection>